\bibliographystyle{ieeetr}
@inproceedings{AmmariD08,
  author    = {Habib M. Ammari and
               Sajal K. Das},
  title     = {Joint k-Coverage and Hybrid Forwarding in Duty-Cycled Three-Dimensional
               Wireless Sensor Networks},
  booktitle = {Proc. of SECON},
  year      = {2008},
  pages     = {170-178}
 }
